<?xml version="1.0" encoding="UTF-8"?><record xmlns="http://www.loc.gov/MARC21/slim" xmlns:cinclude="http://apache.org/cocoon/include/1.0" xmlns:zs="http://www.loc.gov/zing/srw/">
  <leader>00527cz  a2200145n  4500</leader>
  <controlfield tag="001">n 2002162248</controlfield>
  <controlfield tag="003">DLC</controlfield>
  <controlfield tag="005">20140411093240.0</controlfield>
  <controlfield tag="008">021008n| azannaabn          |a aaa      </controlfield>
  <datafield tag="010" ind1=" " ind2=" ">
    <subfield code="a">n 2002162248</subfield>
    <subfield code="z">n  90642445 </subfield>
  </datafield>
  <datafield tag="040" ind1=" " ind2=" ">
    <subfield code="a">DLC</subfield>
    <subfield code="b">eng</subfield>
    <subfield code="e">rda</subfield>
    <subfield code="c">DLC</subfield>
    <subfield code="d">DLC</subfield>
  </datafield>
  <datafield tag="100" ind1="1" ind2=" ">
    <subfield code="a">Nicholas, Darrel D.</subfield>
  </datafield>
  <datafield tag="400" ind1="1" ind2=" ">
    <subfield code="a">Nicholas, D. D.</subfield>
    <subfield code="q">(Darrel D.)</subfield>
  </datafield>
  <datafield tag="670" ind1=" " ind2=" ">
    <subfield code="a">Wood deteriation and preservation, 2002:</subfield>
    <subfield code="b">CIP t.p. (Darrel D. Nicholas)</subfield>
  </datafield>
  <datafield tag="670" ind1=" " ind2=" ">
    <subfield code="a">nuc90-30697: Composite wood utility poles, 1981?</subfield>
    <subfield code="b">(hdg. on DNAL rept.: Nicholas, D. D.; usage: D.D. Nicholas)</subfield>
  </datafield>
</record>